<record><leader>00000cas a22000007a 4500</leader><controlfield tag="001">27827927</controlfield><controlfield tag="008">930330d19301952scuwr ne      0    0eng d</controlfield><datafield ind1=" " ind2=" " tag="010"><subfield code="a">sn 93067651 </subfield></datafield><datafield ind1=" " ind2=" " tag="040"><subfield code="a">SVN</subfield><subfield code="b">eng</subfield><subfield code="c">SVN</subfield><subfield code="d">DLC</subfield><subfield code="d">OCLCQ</subfield></datafield><datafield ind1=" " ind2=" " tag="042"><subfield code="a">msc</subfield></datafield><datafield ind1="0" ind2=" " tag="130"><subfield code="a">Seneca journal (Seneca, S.C. : 1930)</subfield></datafield><datafield ind1="1" ind2="4" tag="245"><subfield code="a">The Seneca journal.</subfield></datafield><datafield ind1="1" ind2=" " tag="246"><subfield code="i">Some issues have title:</subfield><subfield code="a">Seneca journal and farm and factory</subfield></datafield><datafield ind1=" " ind2=" " tag="260"><subfield code="a">Seneca, S.C. :</subfield><subfield code="b">R.R. Phillips</subfield></datafield><datafield ind1=" " ind2=" " tag="300"><subfield code="a">v.</subfield></datafield><datafield ind1=" " ind2=" " tag="310"><subfield code="a">Weekly</subfield></datafield><datafield ind1="1" ind2=" " tag="362"><subfield code="a">Began in 1929?</subfield></datafield><datafield ind1="0" ind2=" " tag="362"><subfield code="a">-50th year, no. 23 (Sept. 19, 1952).</subfield></datafield><datafield ind1=" " ind2=" " tag="588"><subfield code="a">Description based on: Twenty-sixth year, no. 39 (Jan. 1, 1930).</subfield></datafield><datafield ind1=" " ind2="4" tag="651"><subfield code="a">Oconee County (S.C.)</subfield><subfield code="v">Newspapers.</subfield></datafield><datafield ind1=" " ind2=" " tag="752"><subfield code="a">United States</subfield><subfield code="b">South Carolina</subfield><subfield code="c">Oconee</subfield><subfield code="d">Seneca.</subfield></datafield><datafield ind1="0" ind2="0" tag="780"><subfield code="t">Farm and factory (Seneca, S.C.)</subfield><subfield code="w">(DLC)sn 92065519</subfield></datafield><datafield ind1="0" ind2="7" tag="785"><subfield code="t">Tugaloo tribune (Westminster, S.C.)</subfield><subfield code="w">(DLC)sn 92065536</subfield></datafield><datafield ind1="0" ind2="7" tag="785"><subfield code="t">Journal and tribune (Seneca, S.C.)</subfield><subfield code="w">(DLC)sn 85042895</subfield></datafield><datafield ind1="1" ind2=" " tag="029"><subfield code="a">AU@</subfield><subfield code="b">000020746260</subfield></datafield></record>